<?xml version="1.0" encoding="UTF-8"?><record xmlns="http://www.loc.gov/MARC21/slim" xmlns:cinclude="http://apache.org/cocoon/include/1.0" xmlns:zs="http://www.loc.gov/zing/srw/">
  <leader>00683nz  a2200157n  4500</leader>
  <controlfield tag="001">no2014015526</controlfield>
  <controlfield tag="003">DLC</controlfield>
  <controlfield tag="005">20140205073602.0</controlfield>
  <controlfield tag="008">140204n| azannaabn          |n aaa     c</controlfield>
  <datafield tag="010" ind1=" " ind2=" ">
    <subfield code="a">no2014015526</subfield>
  </datafield>
  <datafield tag="035" ind1=" " ind2=" ">
    <subfield code="a">(OCoLC)oca09674894</subfield>
  </datafield>
  <datafield tag="040" ind1=" " ind2=" ">
    <subfield code="a">OU</subfield>
    <subfield code="b">eng</subfield>
    <subfield code="e">rda</subfield>
    <subfield code="c">OU</subfield>
  </datafield>
  <datafield tag="046" ind1=" " ind2=" ">
    <subfield code="f">19591210</subfield>
  </datafield>
  <datafield tag="100" ind1="1" ind2=" ">
    <subfield code="a">Claxton, Ronald Wayne,</subfield>
    <subfield code="d">1959-</subfield>
  </datafield>
  <datafield tag="670" ind1=" " ind2=" ">
    <subfield code="a">The infusion of African American art from eighteen-eighty to the early nineteen-nineties for middle and high school art education, 1997:</subfield>
    <subfield code="b">title page (Ronald Wayne Claxton) page v (born December 10, 1959, Bloomfield, Kentucky)</subfield>
  </datafield>
  <datafield tag="670" ind1=" " ind2=" ">
    <subfield code="a">OCLC database, February 4, 2014</subfield>
    <subfield code="b">(access point: Claxton, Ronald Wayne, 1959- ; usage: Ronald Wayne Claxton)</subfield>
  </datafield>
</record>